@misc{sci-kit-learn-no-dateA,
  author = {{Sci-kit Learn}},
  title  = {{sklearn.tree.DecisionTreeClassifier}},
  url    = {https://scikit-learn.org/stable/modules/generated/sklearn.tree.DecisionTreeClassifier.html}
}

@misc{sci-kit-learn-no-dateB,
  author = {{Sci-kit Learn}},
  title  = {{sklearn.linear_model.LogisticRegression}},
  url    = {https://scikit-learn.org/stable/modules/generated/sklearn.linear_model.LogisticRegression.html}
}

@misc{sci-kit-learn-no-dateC,
  author = {{Sci-kit Learn}},
  title  = {{sklearn.svm.SVC}},
  url    = {https://scikit-learn.org/stable/modules/generated/sklearn.svm.SVC.html#sklearn.svm.SVC}
}

@misc{team-2022,
  author = {Team, Keras},
  month  = {04},
  title  = {{Keras documentation: The Sequential model}},
  url    = {https://keras.io/guides/sequential_model/},
  year   = {2022}
}

@book{geron-2019,
  address   = {Culemborg, Netherlands},
  author    = {Géron, Aurélien},
  publisher = {Van Duuren Media},
  title     = {{Hands-On Machine Learning with Scikit-Learn, Keras, and TensorFlow}},
  year      = {2019}
}