@article{russell2002artificial,
  title  = {Artificial intelligence: a modern approach},
  author = {Russell, Stuart and Norvig, Peter},
  year   = {2002}
}

@book{geron2019hands,
  title     = {Hands-on machine learning with Scikit-Learn, Keras, and TensorFlow: Concepts, tools, and techniques to build intelligent systems},
  author    = {G{\'e}ron, Aur{\'e}lien},
  year      = {2019},
  publisher = {" O'Reilly Media, Inc."}
}

@article{scikit-learn,
  title   = {Scikit-learn: Machine Learning in {P}ython},
  author  = {Pedregosa, F. and Varoquaux, G. and Gramfort, A. and Michel, V.
             and Thirion, B. and Grisel, O. and Blondel, M. and Prettenhofer, P.
             and Weiss, R. and Dubourg, V. and Vanderplas, J. and Passos, A. and
             Cournapeau, D. and Brucher, M. and Perrot, M. and Duchesnay, E.},
  journal = {Journal of Machine Learning Research},
  volume  = {12},
  pages   = {2825--2830},
  year    = {2011}
}